<?xml version="1.0" encoding="UTF-8"?><collection xmlns="http://www.loc.gov/MARC21/slim"><record><leader>00524nam--2200181-i-4500</leader><controlfield tag="001">000040702</controlfield><controlfield tag="002">20161230</controlfield><controlfield tag="005">20161230201042</controlfield><controlfield tag="008">060222s1000------------r-----000-0-eng-d</controlfield><datafield ind1=" " ind2=" " tag="040"><subfield code="a">IFIN-HH</subfield></datafield><datafield ind1=" " ind2=" " tag="080"><subfield code="a">413.232</subfield></datafield><datafield ind1="1" ind2=" " tag="100"><subfield code="a">Schroff,Maximilian W</subfield></datafield><datafield ind1="1" ind2="0" tag="245"><subfield code="a">Deutsch-rumanisches worterbuch. grosse ausgabe. 2-te auflage</subfield><subfield code="b">Dictionar german-roman editiune mare</subfield></datafield><datafield ind1=" " ind2=" " tag="250"><subfield code="a">Editia A Iii-a</subfield></datafield><datafield ind1=" " ind2=" " tag="260"><subfield code="a">Craiova</subfield><subfield code="b">Scrisul Romanesc</subfield><subfield code="c">1916</subfield></datafield><datafield ind1=" " ind2=" " tag="300"><subfield code="a">XXXVII + 920 P</subfield></datafield><datafield ind1=" " ind2=" " tag="852"><subfield code="a">D.96</subfield><subfield code="c">SLCH</subfield></datafield><datafield ind1=" " ind2=" " tag="CAT"><subfield code="a">Sys</subfield><subfield code="c">20130227</subfield><subfield code="h">174230</subfield></datafield></record></collection>